<record xmlns="http://www.loc.gov/MARC21/slim" xmlns:xsi="http://www.w3.org/2001/XMLSchema-instance" xsi:schemaLocation="http://www.loc.gov/MARC21/slim http://www.loc.gov/standards/marcxml/schema/MARC21slim.xsd"><leader>00037nz   2200037n  4500</leader><controlfield tag="001">DNB|102379181</controlfield><controlfield tag="003">DNB</controlfield><controlfield tag="005">19960808163910.0</controlfield><controlfield tag="008">930416|||az|nnaa|||||||||||| a|aaa|||| d</controlfield><datafield ind1="7" ind2=" " tag="016"><subfield code="a">102379181</subfield><subfield code="2">GyFmDB</subfield></datafield><datafield ind1=" " ind2=" " tag="040"><subfield code="a">0000</subfield><subfield code="b">ger</subfield><subfield code="d">9999</subfield><subfield code="f">RAK-PND</subfield></datafield><datafield ind1="1" ind2=" " tag="045"><subfield code="b">d4. Jh. v. Chr.</subfield></datafield><datafield ind1="0" ind2=" " tag="100"><subfield code="a">Amphis,</subfield><subfield code="c">Comicus</subfield><subfield code="d">4. Jh. v. Chr.</subfield></datafield><datafield ind1="0" ind2=" " tag="400"><subfield code="a">Amphis,</subfield><subfield code="c">Dichter der Mittleren Komödie</subfield><subfield code="d">4. Jh. v. Chr.</subfield></datafield><datafield ind1="0" ind2=" " tag="400"><subfield code="a">Amphis,</subfield><subfield code="c">von Andros</subfield><subfield code="d">4. Jh. v. Chr.</subfield></datafield><datafield ind1="0" ind2=" " tag="400"><subfield code="a">Amphis,</subfield><subfield code="c">von Athen</subfield><subfield code="d">4. Jh. v. Chr.</subfield></datafield><datafield ind1="0" ind2=" " tag="400"><subfield code="a">Amphis,</subfield><subfield code="c">Komödiendichter</subfield><subfield code="d">4. Jh. v. Chr.</subfield></datafield><datafield ind1="0" ind2=" " tag="400"><subfield code="a">Amphias,</subfield><subfield code="c">von Athen</subfield><subfield code="d">4. Jh. v. Chr.</subfield></datafield><datafield ind1="0" ind2=" " tag="400"><subfield code="a">Amphis,</subfield><subfield code="c">Atheniensis</subfield><subfield code="d">4. Jh. v. Chr.</subfield></datafield></record>